<record><leader>00000cas a22000007a 4500</leader><controlfield tag="001">22929768</controlfield><controlfield tag="008">910107d194219uumauwr ne      0    0eng d</controlfield><datafield ind1=" " ind2=" " tag="010"><subfield code="a">sn 89063424 </subfield></datafield><datafield ind1=" " ind2=" " tag="040"><subfield code="a">MGN</subfield><subfield code="b">eng</subfield><subfield code="c">MGN</subfield><subfield code="d">OCLCQ</subfield></datafield><datafield ind1=" " ind2=" " tag="042"><subfield code="a">msc</subfield></datafield><datafield ind1="0" ind2=" " tag="130"><subfield code="a">Webster times (Webster, Mass. : Oxford ed.)</subfield></datafield><datafield ind1="1" ind2="0" tag="245"><subfield code="a">Webster times.</subfield></datafield><datafield ind1=" " ind2=" " tag="250"><subfield code="a">Oxford ed.</subfield></datafield><datafield ind1=" " ind2=" " tag="260"><subfield code="a">Webster, Mass. :</subfield><subfield code="b">Times Pub. Co.</subfield></datafield><datafield ind1=" " ind2=" " tag="300"><subfield code="a">v.</subfield></datafield><datafield ind1=" " ind2=" " tag="310"><subfield code="a">Weekly</subfield></datafield><datafield ind1="0" ind2=" " tag="362"><subfield code="a">Vol. 83, no. 51 (Mar. 5, 1942)-</subfield></datafield><datafield ind1=" " ind2=" " tag="752"><subfield code="a">United States</subfield><subfield code="b">Massachusetts</subfield><subfield code="c">Worcester</subfield><subfield code="d">Webster.</subfield></datafield><datafield ind1=" " ind2=" " tag="752"><subfield code="a">United States</subfield><subfield code="b">Massachusetts</subfield><subfield code="c">Worcester</subfield><subfield code="d">Oxford.</subfield></datafield><datafield ind1="0" ind2=" " tag="775"><subfield code="t">Webster times (Webster, Mass. : 1934)</subfield><subfield code="w">(DLC)sn 89063425</subfield></datafield></record>